

@article{ambrosino2009new,
  title={A new three-step heuristic for the master bay plan problem},
  author={Ambrosino, Daniela and Anghinolfi, Davide and Paolucci, Massimo and Sciomachen, Anna},
  journal={Maritime Economics \& Logistics},
  volume={11},
  number={1},
  pages={98--120},
  year={2009},
  publisher={Springer}
}


@article{avriel2000container,
  title={Container ship stowage problem: complexity and connection to the coloring of circle graphs},
  author={Avriel, Mordecai and Penn, Michal and Shpirer, Naomi},
  journal={Discrete Applied Mathematics},
  volume={103},
  number={1},
  pages={271--279},
  year={2000},
  publisher={Elsevier}
}

@article{avriel1998stowage,
  title={Stowage planning for container ships to reduce the number of shifts},
  author={Avriel, Mordecai and Penn, Michal and Shpirer, Naomi and Witteboon, Smadar},
  journal={Annals of Operations Research},
  volume={76},
  pages={55--71},
  year={1998},
  publisher={Springer}
}

@article{dubrovsky2002genetic,
  title={A genetic algorithm with a compact solution encoding for the container ship stowage problem},
  author={Dubrovsky, Opher and Levitin, Gregory and Penn, Michal},
  journal={Journal of Heuristics},
  volume={8},
  number={6},
  pages={585--599},
  year={2002},
  publisher={Springer}
}

@inproceedings{webster1970container,
  title={Container loading: a container allocation model: I-introduction background, II-strategy, conclusions},
  author={Webster, W.~C. and Van Dyke, P.},
  booktitle={Proceedings of Computer-Aided Ship Design Engineering Summer Conference. University of Michigan},
  year={1970}
}

@book{webster1969automated,
  title={Automated procedures for the allocation of containers on shipboard},
  author={Webster, WC and Van Dyke, P and Cojeen, HP},
  year={1969},
  publisher={Hydronautics}
}


@article{shields1984containership,
  title={Containership stowage: A computer-aided preplanning system},
  author={Shields, Jonathan J},
  year={1984}
}

@inproceedings{wang2014stowage,
  title={The stowage stack minimization problem with zero rehandle constraint},
  author={Wang, Ning and Zhang, Zizhen and Lim, Andrew},
  booktitle={International Conference on Industrial, Engineering and Other Applications of Applied Intelligent Systems},
  pages={456--465},
  year={2014},
  organization={Springer}
}

@article{scott1978loading,
  title={A loading model for a container ship},
  author={Scott, DK and Chen, Der-San},
  journal={Cambridge: University of Cambridge},
  year={1978}
}

@article{botter1991stowage,
  title={Stowage container planning: A model for getting an optimal solution},
  author={Botter, RC and Brinati, MA},
  year={1991}
}

@article{wilson2001container,
  title={Container stowage pre-planning: using search to generate solutions, a case study},
  author={Wilson, Ian D and Roach, Paul A and Ware, J Andrew},
  journal={Knowledge-Based Systems},
  volume={14},
  number={3},
  pages={137--145},
  year={2001},
  publisher={Elsevier}
}

@inproceedings{dillingham1986application,
  title={Application of artificial intelligence in the marine industry},
  author={Dillingham, JT and Perakis, AN},
  booktitle={Fleet Management Technology Conference},
  year={1986},
  organization={Boston}
}

@techreport{jensen2010complexity,
  title={On the complexity of container stowage planning},
  author={Jensen, Rune M{\o}ller},
  year={2010},
  institution={Tech. rep}
}

@article{ambrosino2015mip,
  title={A MIP heuristic for multi port stowage planning},
  author={Ambrosino, Daniela and Paolucci, Massimo and Sciomachen, Anna},
  journal={Transportation Research Procedia},
  volume={10},
  pages={725--734},
  year={2015},
  publisher={Elsevier}
}

@article{tierney2014complexity,
  title={On the complexity of container stowage planning problems},
  author={Tierney, Kevin and Pacino, Dario and Jensen, Rune M{\o}ller},
  journal={Discrete Applied Mathematics},
  volume={169},
  pages={225--230},
  year={2014},
  publisher={Elsevier}
}

@article{kammarti2013evolutionary,
  title={Evolutionary Approach for the Containers Bin-Packing Problem},
  author={Kammarti, Ryan and Ayachi, Imen and Ksouri, Mekki and Borne, Pierre},
  journal={arXiv preprint arXiv:1306.0442},
  year={2013}
}

@article{malucelli2008stack,
  title={The stack loading and unloading problem},
  author={Malucelli, Federico and Pallottino, Stefano and Pretolani, Daniele},
  journal={Discrete Applied Mathematics},
  volume={156},
  number={17},
  pages={3248--3266},
  year={2008},
  publisher={Elsevier}
}

@article{zhang2008review,
  title={Review of containership stowage plans for full routes},
  author={Zhang, Wei-ying and Lin, Yan and Ji, Zhuo-shang and Zhang, Guang-fa},
  journal={Journal of Marine Science and Application},
  volume={7},
  pages={278--285},
  year={2008},
  publisher={Springer}
}
