@INPROCEEDINGS{Asur2010,
author={Asur, S. and Huberman, B.A},
booktitle={IEEE/WIC/ACM International Conference on Web Intelligence and Intelligent Agent Technology (WI-IAT), 2010},
title={Predicting the Future with Social Media},
year={2010},
volume={1},
pages={492-499},
}

@article {baker2006,
author = {Baker, Malcolm and Wurgler, Jeffery},
title = {Investor Sentiment and the Cross-Section of Stock Returns},
journal = {The Journal of Finance},
volume = {61},
number = {4},
pages = {1645--1680},
year = {2006},
}

@article{Baker2007,
Author = {Baker, Malcolm and Wurgler, Jeffrey},
Title = {Investor Sentiment in the Stock Market},
Journal = {Journal of Economic Perspectives},
Volume = {21},
Number = {2},
Year = {2007},
Pages = {129-152},
}

@article{Barber2008,
     title = {All That Glitters: The Effect of Attention and News on the Buying Behavior of Individual and Institutional Investors},
     author = {Barber, Brad M. and Odean, Terrance},
     journal = {The Review of Financial Studies},
     volume = {21},
     number = {2},
     pages = {785--818},
     year = {2008},
}

@incollection{Barberis2002,
title = "Chapter 18 {A} survey of behavioral finance",
editor = "G.M. Constantinides, M. Harris and R.M. Stulz",
booktitle = "Financial Markets and Asset Pricing",
year = "2003",
publisher = "Elsevier",
volume = "1, Part B",
pages = "1053 -- 1128",
series = "Handbook of the Economics of Finance ",
author = "Nicholas Barberis and Richard Thaler"
}

@article{Barberis2008,
Author = {Barberis, Nicholas and Huang, Ming},
Title = {Stocks as Lotteries: The Implications of Probability Weighting for Security Prices},
Journal = {American Economic Review},
Volume = {98},
Number = {5},
Year = {2008},
Pages = {2066-2100},
}

@article{bollen2011twitter,
  title={Twitter mood predicts the stock market},
  author={Bollen, Johan and Mao, Huina and Zeng, Xiaojun},
  journal={Journal of Computational Science},
  volume={2},
  number={1},
  pages={1--8},
  year={2011},
 }

@book{box2013time,
  title={Time series analysis: forecasting and control},
  author={Box, George EP and Jenkins, Gwilym M and Reinsel, Gregory C},
  year={2013},
  publisher={Wiley. com}
}

@misc{bruche2011new,
  title={A new geography of innovation -- {China} and {India} rising},
  author={Bruche, Gert},
  year={2011},
  publisher={Vale Columbia Center on Sustainable International Investment},
}

@article{deVries2012,
title = "Popularity of Brand Posts on Brand Fan Pages: An Investigation of the Effects of Social Media Marketing ",
journal = "Journal of Interactive Marketing ",
volume = "26",
number = "2",
pages = "83 - 91",
year = "2012",
author = "Lisette de Vries and Sonja Gensler and Peter S.H. Leeflang",
}

@article{Dolan2002,
author = {Dolan, R. J.},
title = {Emotion, Cognition, and Behavior},
volume = {298},
number = {5596},
pages = {1191-1194},
year = {2002},
journal = {Science}
}

@INPROCEEDINGS{Gilbert2010,
    author = {Eric Gilbert and Karrie Karahalios},
    title = {Widespread worry and the stock market},
    booktitle = {Proceedings of the International AAAI Conference on Weblogs and Social Media},
    year = {2010}
}

@inproceedings{gruhl2005predictive,
 author = {Gruhl, Daniel and Guha, R. and Kumar, Ravi and Novak, Jasmine and Tomkins, Andrew},
 title = {The Predictive Power of Online Chatter},
 booktitle = {Proceedings of the Eleventh ACM SIGKDD International Conference on Knowledge Discovery in Data Mining},
 series = {KDD '05},
 year = {2005},
 location = {Chicago, Illinois, USA},
 pages = {78--87},
 numpages = {10},
 publisher = {ACM},
 address = {New York, NY, USA},
 }

@article{Kearney2014,
title = "Textual sentiment in finance: A survey of methods and models ",
journal = "International Review of Financial Analysis ",
volume = "33",
pages = "171 - 185",
year = "2014",
author = "Colm Kearney and Sha Liu",
}

@article{liu2006predicting,
  title={Predicting Stock Price from Financial Message Boards with a Mixture of Experts Framework},
  author={Liu, Alexander Y and Gu, Bin and Konana, Prabhudev and Ghosh, Joydeep},
  journal={Intelligent Data Exploration \& Analysis Laboratory},
  pages={1--14},
  year={2006},
  }

@inproceedings{Liu07arsa,
 author = {Liu, Yang and Huang, Xiangji and An, Aijun and Yu, Xiaohui},
 title = {{ARSA}: A sentiment-aware model for predicting sales performance using blogs},
 booktitle = {Proceedings of the 30th Annual International ACM SIGIR Conference on Research and Development in Information Retrieval},
 series = {SIGIR '07},
 year = {2007},
 location = {Amsterdam, The Netherlands},
 pages = {607--614},
 numpages = {8},
 publisher = {ACM},
 address = {New York, NY, USA},
}

@article{lo2004adaptive,
  title={The adaptive markets hypothesis},
  author={Lo, Andrew W},
  journal={The Journal of Portfolio Management},
  volume={30},
  number={5},
  pages={15--29},
  year={2004},
  publisher={Institutional Investor Journals}
}

@article{mori1984research,
  title={Research on machine recognition of handprinted characters},
  author={Mori, Shunji and Yamamoto, Kazuhiko and Yasuda, Michio},
  journal={IEEE Transactions on Pattern Analysis and Machine Intelligence},
  volume={PAMI-6},
  number={4},
  pages={386--405},
  year={1984},
}

@inproceedings{Mishne2006,
    address = {Stanford, US},
    author = {Mishne, Gilad and Glance, Natalie},
    booktitle = {Proceedings of AAAI-CAAW-06, the Spring Symposia on Computational Approaches to Analyzing Weblogs},
    title = {{Predicting movie sales from blogger sentiment}},
    year = {2006}
}

@article{nelson1982trends,
  title={Trends and random walks in macroeconmic time series: some evidence and implications},
  author={Nelson, Charles R and Plosser, Charles R},
  journal={Journal of Monetary Economics},
  volume={10},
  number={2},
  pages={139--162},
  year={1982},
}

@article{Nofsinger2005,
Author = {Nofsinger, John R.},
Journal = {Journal of Behavioral Finance},
Number = {3},
Pages = {144 - 160},
Title = {Social Mood and Financial Economics.},
Volume = {6},
Year = {2005},
}

@inproceedings{Oconnor2010,
  title={From Tweets to Polls : Linking Text Sentiment to Public Opinion Time Series},
  author={Brendan O'Connor and Ramnath Balasubramanyan and Bryan R. Routledge and Noah A. Smith},
  booktitle={Proceedings of the Fourth International AAAI Conference on Weblogs and Social Media},
  pages={122--129},
  year={2010},
  organization={AAAI}
}

@article{schumaker2009textual,
 author = {Schumaker, Robert P. and Chen, Hsinchun},
 title = {Textual analysis of stock market prediction using breaking financial news: the {AZFin} text system},
 journal = {ACM Transactions on Information System},
 volume = {27},
 number = {2},
 year = {2009},
 pages = {1--19},
}

@article{Schumaker2017,
title = "Prediction from regional angst - A study of {NFL} sentiment in Twitter using technical stock market charting ",
journal = "Decision Support Systems",
volume = "98",
number = "",
pages = "80 - 88",
year = "2017",
author = "Robert P. Schumaker and Chester S. Labedz Jr. and A. Tomasz Jarmoszko and Leonard L. Brown",
}

@article{teahan2000compression,
  title={A compression-based algorithm for {Chinese} word segmentation},
  author={Teahan, William John and Wen, Yingying and McNab, Rodger and Witten, Ian H},
  journal={Computational Linguistics},
  volume={26},
  number={3},
  pages={375--393},
  year={2000},
}

@article{Uygur2014,
    author = {Uygur, Utku and Tas, Oktay},
    journal = {Quality \& Quantity},
    number = {3},
    pages = {1165--1179},
    posted-at = {2014-08-13 07:24:54},
    priority = {2},
    title = {{The impacts of investor sentiment on returns and conditional volatility of international stock markets}},
    volume = {48},
    year = {2014}
}

@article{Yu2011,
title = "Investor sentiment and the mean-variance relation ",
journal = "Journal of Financial Economics ",
volume = "100",
number = "2",
pages = "367 - 381",
year = "2011",
author = "Jianfeng Yu and Yu Yuan",
}

@article{zhang2011predicting,
  title={Predicting stock market indicators through twitter ¡°{I} hope it is not as bad as {I} fear¡±},
  author={Zhang, Xue and Fuehres, Hauke and Gloor, Peter A},
  journal={Procedia-Social and Behavioral Sciences},
  volume={26},
  pages={55--62},
  year={2011},
}
